<?xml version="1.0" encoding="UTF-8"?><collection xmlns="http://www.loc.gov/MARC21/slim"><record><leader>00364nam--2200133-i-4500</leader><controlfield tag="001">000023105</controlfield><controlfield tag="002">20161230</controlfield><controlfield tag="005">20161230201034</controlfield><controlfield tag="008">060222s1000------------r-----000-0-eng-d</controlfield><datafield ind1=" " ind2=" " tag="080"><subfield code="a">547</subfield></datafield><datafield ind1=" " ind2=" " tag="100"><subfield code="a">Harrison, Ian T. And Harrison, Snuyden</subfield></datafield><datafield ind1=" " ind2=" " tag="245"><subfield code="a">Compendium of organic syntetic methods</subfield></datafield><datafield ind1=" " ind2=" " tag="260"><subfield code="a">New York, Wiley-interscience, 1971. Xv + 529 P</subfield></datafield><datafield ind1=" " ind2=" " tag="852"><subfield code="a">35958</subfield></datafield></record></collection>